<record><leader>00000cas a22000007a 4500</leader><controlfield tag="001">20864973</controlfield><controlfield tag="008">900109d19381938mnuwr ne      0    0eng d</controlfield><datafield ind1=" " ind2=" " tag="010"><subfield code="a">sn 89064436 </subfield></datafield><datafield ind1=" " ind2=" " tag="040"><subfield code="a">MN#</subfield><subfield code="b">eng</subfield><subfield code="c">MN#</subfield><subfield code="d">OCLCQ</subfield><subfield code="d">OCLCF</subfield><subfield code="d">OCLCO</subfield></datafield><datafield ind1=" " ind2=" " tag="042"><subfield code="a">msc</subfield></datafield><datafield ind1=" " ind2=" " tag="043"><subfield code="a">n-us-mn</subfield></datafield><datafield ind1=" " ind2=" " tag="052"><subfield code="a">4144</subfield><subfield code="b">K6</subfield></datafield><datafield ind1=" " ind2=" " tag="052"><subfield code="a">4143</subfield><subfield code="b">G6</subfield></datafield><datafield ind1="0" ind2="4" tag="245"><subfield code="a">The Kenyon courier.</subfield></datafield><datafield ind1=" " ind2=" " tag="260"><subfield code="a">Kenyon, Minn. :</subfield><subfield code="b">Ivan D. Long,</subfield><subfield code="c">1938.</subfield></datafield><datafield ind1=" " ind2=" " tag="300"><subfield code="a">2 v.</subfield></datafield><datafield ind1=" " ind2=" " tag="310"><subfield code="a">Weekly</subfield></datafield><datafield ind1="0" ind2=" " tag="362"><subfield code="a">37th year, no. 38 (Jan. 20, 1938)-v. 38, no. 11 (July 14, 1938).</subfield></datafield><datafield ind1=" " ind2="0" tag="651"><subfield code="a">Kenyon (Minn.)</subfield><subfield code="v">Newspapers.</subfield></datafield><datafield ind1=" " ind2="7" tag="655"><subfield code="a">Newspapers.</subfield><subfield code="2">fast</subfield><subfield code="0">(OCoLC)fst01423814</subfield></datafield><datafield ind1=" " ind2="7" tag="651"><subfield code="a">Minnesota</subfield><subfield code="z">Kenyon.</subfield><subfield code="2">fast</subfield><subfield code="0">(OCoLC)fst01253879</subfield></datafield><datafield ind1=" " ind2=" " tag="752"><subfield code="a">United States</subfield><subfield code="b">Minnesota</subfield><subfield code="c">Goodhue</subfield><subfield code="d">Kenyon.</subfield></datafield><datafield ind1="0" ind2="0" tag="780"><subfield code="t">Kenyon news</subfield><subfield code="w">(DLC)sn 89064435</subfield></datafield><datafield ind1="0" ind2="0" tag="785"><subfield code="t">Kenyon independent</subfield><subfield code="w">(DLC)sn 89064437</subfield></datafield></record>